<?xml version="1.0" encoding="UTF-8"?><record xmlns="http://www.loc.gov/MARC21/slim" xmlns:cinclude="http://apache.org/cocoon/include/1.0" xmlns:zs="http://www.loc.gov/zing/srw/">
  <leader>01270cz  a2200241n  4500</leader>
  <controlfield tag="001">nr 93039850 </controlfield>
  <controlfield tag="003">DLC</controlfield>
  <controlfield tag="005">20080907081634.0</controlfield>
  <controlfield tag="008">931001nc acannaabn          |b ana      </controlfield>
  <datafield tag="010" ind1=" " ind2=" ">
    <subfield code="a">nr 93039850 </subfield>
  </datafield>
  <datafield tag="035" ind1=" " ind2=" ">
    <subfield code="a">(OCoLC)oca03485165</subfield>
  </datafield>
  <datafield tag="040" ind1=" " ind2=" ">
    <subfield code="a">DLC-R</subfield>
    <subfield code="b">eng</subfield>
    <subfield code="c">DLC-R</subfield>
    <subfield code="d">NjP-G</subfield>
    <subfield code="d">OCoLC</subfield>
  </datafield>
  <datafield tag="110" ind1="1" ind2=" ">
    <subfield code="a">China.</subfield>
    <subfield code="b">Guo jia ji hua wei yuan hui.</subfield>
    <subfield code="b">Tou zi si</subfield>
  </datafield>
  <datafield tag="410" ind1="2" ind2=" ">
    <subfield code="a">Guo jia ji wei tou zi si (China)</subfield>
  </datafield>
  <datafield tag="410" ind1="1" ind2=" ">
    <subfield code="a">China.</subfield>
    <subfield code="b">Guo jia ji hua wei yuan hui.</subfield>
    <subfield code="b">Gu ding zi chan tou zi si</subfield>
  </datafield>
  <datafield tag="410" ind1="1" ind2=" ">
    <subfield code="a">China.</subfield>
    <subfield code="b">国家计划委员会.</subfield>
    <subfield code="b">投资司</subfield>
  </datafield>
  <datafield tag="510" ind1="1" ind2=" ">
    <subfield code="w">b</subfield>
    <subfield code="a">China.</subfield>
    <subfield code="b">Guo jia fa zhan ji hua wei yuan hui.</subfield>
    <subfield code="b">Tou zi si</subfield>
  </datafield>
  <datafield tag="667" ind1=" " ind2=" ">
    <subfield code="a">Machine-derived non-Latin script reference project.</subfield>
  </datafield>
  <datafield tag="667" ind1=" " ind2=" ">
    <subfield code="a">Non-Latin script reference not evaluated.</subfield>
  </datafield>
  <datafield tag="670" ind1=" " ind2=" ">
    <subfield code="a">Chien she hsiang mu ching chi pʻing chia fang fa yü tsʻai shu shih yung shou tsʻe, 1990:</subfield>
    <subfield code="b">t.p. (Kuo chia chi wei tʻou tzu ssu)</subfield>
  </datafield>
  <datafield tag="670" ind1=" " ind2=" ">
    <subfield code="a">Chung-kuo tʻou tzu pai pʻi shu, 1995:</subfield>
    <subfield code="b">t.p. (Kuo chia chi wei ku ting tzu chʻan tʻou tzu ssu)</subfield>
  </datafield>
  <datafield tag="670" ind1=" " ind2=" ">
    <subfield code="a">Chung-hua jen min kung ho kuo chung yang cheng fu chi kou ... 1993:</subfield>
    <subfield code="b">p. 169 (in 1990: Ku ting tzu chʻan tʻou tzu ssu, under Kuo chia chi hua wei yüan hui)</subfield>
  </datafield>
  <datafield tag="675" ind1=" " ind2=" ">
    <subfield code="a">Chung-kuo tʻou tzu pao kao (1998), 1998: t.p. (Kuo chia fa chan chi hua wei yüan hui tʻou tzu ssu)</subfield>
  </datafield>
</record>